@misc{nade,
  title={Neural Autoregressive Distribution Estimation}, 
  author={Benigno Uria and Marc-Alexandre Côté and Karol Gregor and Iain Murray and Hugo Larochelle},
  year={2016},
  eprint={1605.02226},
  archivePrefix={arXiv},
  primaryClass={cs.LG},
  url={https://arxiv.org/abs/1605.02226}, 
}

@article{pixelrnn,
  author       = {A{\"{a}}ron van den Oord and
                  Nal Kalchbrenner and
                  Koray Kavukcuoglu},
  title        = {Pixel Recurrent Neural Networks},
  journal      = {CoRR},
  volume       = {abs/1601.06759},
  year         = {2016},
  url          = {http://arxiv.org/abs/1601.06759},
  eprinttype    = {arXiv},
  eprint       = {1601.06759},
  timestamp    = {Mon, 13 Aug 2018 16:46:29 +0200},
  biburl       = {https://dblp.org/rec/journals/corr/OordKK16.bib},
  bibsource    = {dblp computer science bibliography, https://dblp.org}
}

@article{pixelcnn,
  author       = {A{\"{a}}ron van den Oord and
                  Nal Kalchbrenner and
                  Oriol Vinyals and
                  Lasse Espeholt and
                  Alex Graves and
                  Koray Kavukcuoglu},
  title        = {Conditional Image Generation with PixelCNN Decoders},
  journal      = {CoRR},
  volume       = {abs/1606.05328},
  year         = {2016},
  url          = {http://arxiv.org/abs/1606.05328},
  eprinttype    = {arXiv},
  eprint       = {1606.05328},
  timestamp    = {Mon, 13 Aug 2018 16:46:40 +0200},
  biburl       = {https://dblp.org/rec/journals/corr/OordKVEGK16.bib},
  bibsource    = {dblp computer science bibliography, https://dblp.org}
}

