@misc{vae,
  title={Auto-Encoding Variational Bayes}, 
  author={Diederik P Kingma and Max Welling},
  year={2022},
  eprint={1312.6114},
  archivePrefix={arXiv},
  primaryClass={stat.ML},
  url={https://arxiv.org/abs/1312.6114}, 
}

