% Bibliography file for Frequentist Inference
% Add your references here