@article{1949wald,
  ISSN = {00034851},
  URL = {http://www.jstor.org/stable/2236853},
  author = {Abraham Wald},
  journal = {The Annals of Mathematical Statistics},
  number = {2},
  pages = {165--205},
  publisher = {Institute of Mathematical Statistics},
  title = {Statistical Decision Functions},
  urldate = {2025-07-29},
  volume = {20},
  year = {1949}
}

