% Bibliography file for Bayesian Inference
% Add your references here
