@article{1976hyafil,
  title = {Constructing optimal binary decision trees is NP-complete},
  journal = {Information Processing Letters},
  volume = {5},
  number = {1},
  pages = {15-17},
  year = {1976},
  issn = {0020-0190},
  doi = {https://doi.org/10.1016/0020-0190(76)90095-8},
  url = {https://www.sciencedirect.com/science/article/pii/0020019076900958},
  author = {Laurent Hyafil and Ronald L. Rivest},
  keywords = {Binary decision trees, computational complexity, NP-complete}
}

