@misc{berthelot2019mixmatch,
  title={MixMatch: A Holistic Approach to Semi-Supervised Learning}, 
  author={David Berthelot and Nicholas Carlini and Ian Goodfellow and Nicolas Papernot and Avital Oliver and Colin Raffel},
  year={2019},
  eprint={1905.02249},
  archivePrefix={arXiv},
  primaryClass={cs.LG}
}

@misc{berthelot2020remixmatch,
  title={ReMixMatch: Semi-Supervised Learning with Distribution Alignment and Augmentation Anchoring}, 
  author={David Berthelot and Nicholas Carlini and Ekin D. Cubuk and Alex Kurakin and Kihyuk Sohn and Han Zhang and Colin Raffel},
  year={2020},
  eprint={1911.09785},
  archivePrefix={arXiv},
  primaryClass={cs.LG}
}

@misc{sohn2020fixmatch,
  title={FixMatch: Simplifying Semi-Supervised Learning with Consistency and Confidence}, 
  author={Kihyuk Sohn and David Berthelot and Chun-Liang Li and Zizhao Zhang and Nicholas Carlini and Ekin D. Cubuk and Alex Kurakin and Han Zhang and Colin Raffel},
  year={2020},
  eprint={2001.07685},
  archivePrefix={arXiv},
  primaryClass={cs.LG}
}


