% Bibliography file for Graphical
% Add your references here