% Bibliography file for Time Series
% Add your references here