% Bibliography file for Natural Language Processing
% Add your references here