@misc{mish,
  title={Mish: A Self Regularized Non-Monotonic Activation Function}, 
  author={Diganta Misra},
  year={2020},
  eprint={1908.08681},
  archivePrefix={arXiv},
  primaryClass={cs.LG}
}

@INPROCEEDINGS{ImageNet,
  author={Deng, Jia and Dong, Wei and Socher, Richard and Li, Li-Jia and Kai Li and Li Fei-Fei},
  booktitle={2009 IEEE Conference on Computer Vision and Pattern Recognition}, 
  title={ImageNet: A large-scale hierarchical image database}, 
  year={2009},
  volume={},
  number={},
  pages={248-255},
  keywords={Large-scale systems;Image databases;Explosions;Internet;Robustness;Information retrieval;Image retrieval;Multimedia databases;Ontologies;Spine},
  doi={10.1109/CVPR.2009.5206848}
}

@article{symmetry,
  author = {Chen, An Mei and Lu, Haw-minn and Hecht-Nielsen, Robert},
  title = {On the Geometry of Feedforward Neural Network Error Surfaces},
  journal = {Neural Computation},
  volume = {5},
  number = {6},
  pages = {910-927},
  year = {1993},
  month = {11},
  issn = {0899-7667},
  doi = {10.1162/neco.1993.5.6.910},
  url = {https://doi.org/10.1162/neco.1993.5.6.910},
  eprint = {https://direct.mit.edu/neco/article-pdf/5/6/910/812656/neco.1993.5.6.910.pdf},
}

@article{dropout,
  author  = {Nitish Srivastava and Geoffrey Hinton and Alex Krizhevsky and Ilya Sutskever and Ruslan Salakhutdinov},
  title   = {Dropout: A Simple Way to Prevent Neural Networks from Overfitting},
  journal = {Journal of Machine Learning Research},
  year    = {2014},
  volume  = {15},
  number  = {56},
  pages   = {1929--1958},
  url     = {http://jmlr.org/papers/v15/srivastava14a.html}
}

@misc{fiedler,
  title={Fiedler Regularization: Learning Neural Networks with Graph Sparsity}, 
  author={Edric Tam and David Dunson},
  year={2020},
  eprint={2003.00992},
  archivePrefix={arXiv},
  primaryClass={stat.ML}
}

@misc{lottery,
  title={The Lottery Ticket Hypothesis: Finding Sparse, Trainable Neural Networks}, 
  author={Jonathan Frankle and Michael Carbin},
  year={2019},
  eprint={1803.03635},
  archivePrefix={arXiv},
  primaryClass={cs.LG}
}

