@misc{gans,
  title={Generative Adversarial Networks}, 
  author={Ian J. Goodfellow and Jean Pouget-Abadie and Mehdi Mirza and Bing Xu and David Warde-Farley and Sherjil Ozair and Aaron Courville and Yoshua Bengio},
  year={2014},
  eprint={1406.2661},
  archivePrefix={arXiv},
  primaryClass={stat.ML},
  url={https://arxiv.org/abs/1406.2661}, 
}

@misc{gsns,
  title={GSNs : Generative Stochastic Networks}, 
  author={Guillaume Alain and Yoshua Bengio and Li Yao and Jason Yosinski and Eric Thibodeau-Laufer and Saizheng Zhang and Pascal Vincent},
  year={2015},
  eprint={1503.05571},
  archivePrefix={arXiv},
  primaryClass={cs.LG},
  url={https://arxiv.org/abs/1503.05571}, 
}

