% Bibliography file for Kernels Smoothers
% Add your references here