@misc{flow,
  title={Variational Inference with Normalizing Flows}, 
  author={Danilo Jimenez Rezende and Shakir Mohamed},
  year={2016},
  eprint={1505.05770},
  archivePrefix={arXiv},
  primaryClass={stat.ML},
  url={https://arxiv.org/abs/1505.05770}, 
}

@misc{nice,
  title={NICE: Non-linear Independent Components Estimation}, 
  author={Laurent Dinh and David Krueger and Yoshua Bengio},
  year={2015},
  eprint={1410.8516},
  archivePrefix={arXiv},
  primaryClass={cs.LG},
  url={https://arxiv.org/abs/1410.8516}, 
}

@misc{glow,
  title={Glow: Generative Flow with Invertible 1x1 Convolutions}, 
  author={Diederik P. Kingma and Prafulla Dhariwal},
  year={2018},
  eprint={1807.03039},
  archivePrefix={arXiv},
  primaryClass={stat.ML},
  url={https://arxiv.org/abs/1807.03039}, 
}

@misc{realnvp,
  title={Density estimation using Real NVP}, 
  author={Laurent Dinh and Jascha Sohl-Dickstein and Samy Bengio},
  year={2017},
  eprint={1605.08803},
  archivePrefix={arXiv},
  primaryClass={cs.LG},
  url={https://arxiv.org/abs/1605.08803}, 
}

@misc{cglow,
  title={Structured Output Learning with Conditional Generative Flows}, 
  author={You Lu and Bert Huang},
  year={2020},
  eprint={1905.13288},
  archivePrefix={arXiv},
  primaryClass={cs.LG},
  url={https://arxiv.org/abs/1905.13288}, 
}

