% Bibliography file for Signal Processing
% Add your references here