% Bibliography file for Ensembles
% Add your references here