% Bibliography file for Sampling and Optimization
% Add your references here