MLP

  @misc{mish,
    title={Mish: A Self Regularized Non-Monotonic Activation Function}, 
    author={Diganta Misra},
    year={2020},
    eprint={1908.08681},
    archivePrefix={arXiv},
    primaryClass={cs.LG}
  }

  @INPROCEEDINGS{ImageNet,
    author={Deng, Jia and Dong, Wei and Socher, Richard and Li, Li-Jia and Kai Li and Li Fei-Fei},
    booktitle={2009 IEEE Conference on Computer Vision and Pattern Recognition}, 
    title={ImageNet: A large-scale hierarchical image database}, 
    year={2009},
    volume={},
    number={},
    pages={248-255},
    keywords={Large-scale systems;Image databases;Explosions;Internet;Robustness;Information retrieval;Image retrieval;Multimedia databases;Ontologies;Spine},
    doi={10.1109/CVPR.2009.5206848}
  }

  @article{symmetry,
    author = {Chen, An Mei and Lu, Haw-minn and Hecht-Nielsen, Robert},
    title = {On the Geometry of Feedforward Neural Network Error Surfaces},
    journal = {Neural Computation},
    volume = {5},
    number = {6},
    pages = {910-927},
    year = {1993},
    month = {11},
    issn = {0899-7667},
    doi = {10.1162/neco.1993.5.6.910},
    url = {https://doi.org/10.1162/neco.1993.5.6.910},
    eprint = {https://direct.mit.edu/neco/article-pdf/5/6/910/812656/neco.1993.5.6.910.pdf},
  }


TrainingControl

  @article{dropout,
    author  = {Nitish Srivastava and Geoffrey Hinton and Alex Krizhevsky and Ilya Sutskever and Ruslan Salakhutdinov},
    title   = {Dropout: A Simple Way to Prevent Neural Networks from Overfitting},
    journal = {Journal of Machine Learning Research},
    year    = {2014},
    volume  = {15},
    number  = {56},
    pages   = {1929--1958},
    url     = {http://jmlr.org/papers/v15/srivastava14a.html}
  }

  @misc{fiedler,
    title={Fiedler Regularization: Learning Neural Networks with Graph Sparsity}, 
    author={Edric Tam and David Dunson},
    year={2020},
    eprint={2003.00992},
    archivePrefix={arXiv},
    primaryClass={stat.ML}
  }

  @misc{lottery,
    title={The Lottery Ticket Hypothesis: Finding Sparse, Trainable Neural Networks}, 
    author={Jonathan Frankle and Michael Carbin},
    year={2019},
    eprint={1803.03635},
    archivePrefix={arXiv},
    primaryClass={cs.LG}
  }

CNN 

  @article{cnn,
    author={Lecun, Y. and Bottou, L. and Bengio, Y. and Haffner, P.},
    journal={Proceedings of the IEEE}, 
    title={Gradient-based learning applied to document recognition}, 
    year={1998},
    volume={86},
    number={11},
    pages={2278-2324},
    keywords={Neural networks;Pattern recognition;Machine learning;Optical character recognition software;Character recognition;Feature extraction;Multi-layer neural network;Optical computing;Hidden Markov models;Principal component analysis},
    doi={10.1109/5.726791}
  }

Energy 

  @ARTICLE{cd,
    author={Hinton, Geoffrey E.},
    journal={Neural Computation}, 
    title={Training Products of Experts by Minimizing Contrastive Divergence}, 
    year={2002},
    volume={14},
    number={8},
    pages={1771-1800},
    keywords={},
    doi={10.1162/089976602760128018}
  }

  @article{ebm_train,
    author       = {Yang Song and Diederik P. Kingma},
    title        = {How to Train Your Energy-Based Models},
    journal      = {CoRR},
    volume       = {abs/2101.03288},
    year         = {2021},
    url          = {https://arxiv.org/abs/2101.03288},
    eprinttype    = {arXiv},
    eprint       = {2101.03288},
    timestamp    = {Thu, 21 Jan 2021 14:42:30 +0100},
    biburl       = {https://dblp.org/rec/journals/corr/abs-2101-03288.bib},
    bibsource    = {dblp computer science bibliography, https://dblp.org}
  }

RNN 

Autoregressive 

  @misc{nade,
    title={Neural Autoregressive Distribution Estimation}, 
    author={Benigno Uria and Marc-Alexandre Côté and Karol Gregor and Iain Murray and Hugo Larochelle},
    year={2016},
    eprint={1605.02226},
    archivePrefix={arXiv},
    primaryClass={cs.LG},
    url={https://arxiv.org/abs/1605.02226}, 
  }

  @article{pixelrnn,
    author       = {A{\"{a}}ron van den Oord and
                    Nal Kalchbrenner and
                    Koray Kavukcuoglu},
    title        = {Pixel Recurrent Neural Networks},
    journal      = {CoRR},
    volume       = {abs/1601.06759},
    year         = {2016},
    url          = {http://arxiv.org/abs/1601.06759},
    eprinttype    = {arXiv},
    eprint       = {1601.06759},
    timestamp    = {Mon, 13 Aug 2018 16:46:29 +0200},
    biburl       = {https://dblp.org/rec/journals/corr/OordKK16.bib},
    bibsource    = {dblp computer science bibliography, https://dblp.org}
  }

  @article{pixelcnn,
    author       = {A{\"{a}}ron van den Oord and
                    Nal Kalchbrenner and
                    Oriol Vinyals and
                    Lasse Espeholt and
                    Alex Graves and
                    Koray Kavukcuoglu},
    title        = {Conditional Image Generation with PixelCNN Decoders},
    journal      = {CoRR},
    volume       = {abs/1606.05328},
    year         = {2016},
    url          = {http://arxiv.org/abs/1606.05328},
    eprinttype    = {arXiv},
    eprint       = {1606.05328},
    timestamp    = {Mon, 13 Aug 2018 16:46:40 +0200},
    biburl       = {https://dblp.org/rec/journals/corr/OordKVEGK16.bib},
    bibsource    = {dblp computer science bibliography, https://dblp.org}
  }

EncoderDecoder 

VAE 

  @misc{vae,
    title={Auto-Encoding Variational Bayes}, 
    author={Diederik P Kingma and Max Welling},
    year={2022},
    eprint={1312.6114},
    archivePrefix={arXiv},
    primaryClass={stat.ML},
    url={https://arxiv.org/abs/1312.6114}, 
  }

GAN 

  @misc{gans,
    title={Generative Adversarial Networks}, 
    author={Ian J. Goodfellow and Jean Pouget-Abadie and Mehdi Mirza and Bing Xu and David Warde-Farley and Sherjil Ozair and Aaron Courville and Yoshua Bengio},
    year={2014},
    eprint={1406.2661},
    archivePrefix={arXiv},
    primaryClass={stat.ML},
    url={https://arxiv.org/abs/1406.2661}, 
  }

  @misc{gsns,
    title={GSNs : Generative Stochastic Networks}, 
    author={Guillaume Alain and Yoshua Bengio and Li Yao and Jason Yosinski and Eric Thibodeau-Laufer and Saizheng Zhang and Pascal Vincent},
    year={2015},
    eprint={1503.05571},
    archivePrefix={arXiv},
    primaryClass={cs.LG},
    url={https://arxiv.org/abs/1503.05571}, 
  }

Flow 

  @misc{flow,
    title={Variational Inference with Normalizing Flows}, 
    author={Danilo Jimenez Rezende and Shakir Mohamed},
    year={2016},
    eprint={1505.05770},
    archivePrefix={arXiv},
    primaryClass={stat.ML},
    url={https://arxiv.org/abs/1505.05770}, 
  }

  @misc{nice,
    title={NICE: Non-linear Independent Components Estimation}, 
    author={Laurent Dinh and David Krueger and Yoshua Bengio},
    year={2015},
    eprint={1410.8516},
    archivePrefix={arXiv},
    primaryClass={cs.LG},
    url={https://arxiv.org/abs/1410.8516}, 
  }

  @misc{glow,
    title={Glow: Generative Flow with Invertible 1x1 Convolutions}, 
    author={Diederik P. Kingma and Prafulla Dhariwal},
    year={2018},
    eprint={1807.03039},
    archivePrefix={arXiv},
    primaryClass={stat.ML},
    url={https://arxiv.org/abs/1807.03039}, 
  }

  @misc{realnvp,
    title={Density estimation using Real NVP}, 
    author={Laurent Dinh and Jascha Sohl-Dickstein and Samy Bengio},
    year={2017},
    eprint={1605.08803},
    archivePrefix={arXiv},
    primaryClass={cs.LG},
    url={https://arxiv.org/abs/1605.08803}, 
  }

  @misc{cglow,
    title={Structured Output Learning with Conditional Generative Flows}, 
    author={You Lu and Bert Huang},
    year={2020},
    eprint={1905.13288},
    archivePrefix={arXiv},
    primaryClass={cs.LG},
    url={https://arxiv.org/abs/1905.13288}, 
  }

Score 

  @article{score,
    author       = {Yang Song and
                    Jascha Sohl{-}Dickstein and
                    Diederik P. Kingma and
                    Abhishek Kumar and
                    Stefano Ermon and
                    Ben Poole},
    title        = {Score-Based Generative Modeling through Stochastic Differential Equations},
    journal      = {CoRR},
    volume       = {abs/2011.13456},
    year         = {2020},
    url          = {https://arxiv.org/abs/2011.13456},
    eprinttype    = {arXiv},
    eprint       = {2011.13456},
    timestamp    = {Wed, 02 Dec 2020 10:10:16 +0100},
    biburl       = {https://dblp.org/rec/journals/corr/abs-2011-13456.bib},
    bibsource    = {dblp computer science bibliography, https://dblp.org}
  }

  @article{orig_score, 
    author  = {Aapo Hyv{{\"a}}rinen},
    title   = {Estimation of Non-Normalized Statistical Models by Score Matching},
    journal = {Journal of Machine Learning Research},
    year    = {2005},
    volume  = {6},
    number  = {24},
    pages   = {695--709},
    url     = {http://jmlr.org/papers/v6/hyvarinen05a.html}
  }

Attention 

  @article{vaswani2017attention,
    title={Attention is all you need},
    author={Vaswani, Ashish and Shazeer, Noam and Parmar, Niki and Uszkoreit, Jakob and Jones, Llion and Gomez, Aidan N and Kaiser, {\L}ukasz and Polosukhin, Illia},
    journal={Advances in neural information processing systems},
    volume={30},
    year={2017}
  }

Diffusion 

Semisupervised 

  @misc{berthelot2019mixmatch,
    title={MixMatch: A Holistic Approach to Semi-Supervised Learning}, 
    author={David Berthelot and Nicholas Carlini and Ian Goodfellow and Nicolas Papernot and Avital Oliver and Colin Raffel},
    year={2019},
    eprint={1905.02249},
    archivePrefix={arXiv},
    primaryClass={cs.LG}
  }

  @misc{berthelot2020remixmatch,
    title={ReMixMatch: Semi-Supervised Learning with Distribution Alignment and Augmentation Anchoring}, 
    author={David Berthelot and Nicholas Carlini and Ekin D. Cubuk and Alex Kurakin and Kihyuk Sohn and Han Zhang and Colin Raffel},
    year={2020},
    eprint={1911.09785},
    archivePrefix={arXiv},
    primaryClass={cs.LG}
  }

  @misc{sohn2020fixmatch,
    title={FixMatch: Simplifying Semi-Supervised Learning with Consistency and Confidence}, 
    author={Kihyuk Sohn and David Berthelot and Chun-Liang Li and Zizhao Zhang and Nicholas Carlini and Ekin D. Cubuk and Alex Kurakin and Han Zhang and Colin Raffel},
    year={2020},
    eprint={2001.07685},
    archivePrefix={arXiv},
    primaryClass={cs.LG}
  }

