% Bibliography file for Reinforcement Learning
% Add your references here