@article{1967cover,
  author={Cover, T. and Hart, P.},
  journal={IEEE Transactions on Information Theory}, 
  title={Nearest neighbor pattern classification}, 
  year={1967},
  volume={13},
  number={1},
  pages={21-27},
  keywords={Bayes methods;Posterior probability;Convergence;Auditory displays;Random variables;Loss measurement;Extraterrestrial measurements;Density measurement;Accuracy;Visualization},
  doi={10.1109/TIT.1967.1053964}
}
