% Bibliography file for Computer Vision
% Add your references here