@article{1971vapnik,
  author = {Vapnik, V. N. and Chervonenkis, A. Ya.},
  title = {On the Uniform Convergence of Relative Frequencies of Events to Their Probabilities},
  journal = {Theory of Probability \& Its Applications},
  volume = {16},
  number = {2},
  pages = {264-280},
  year = {1971},
  doi = {10.1137/1116025},
  URL = {https://doi.org/10.1137/1116025},
  eprint = {https://doi.org/10.1137/1116025}
}
