% Bibliography file for Clustering
% Add your references here