@article{cd,
  author={Hinton, Geoffrey E.},
  journal={Neural Computation}, 
  title={Training Products of Experts by Minimizing Contrastive Divergence}, 
  year={2002},
  volume={14},
  number={8},
  pages={1771-1800},
  keywords={},
  doi={10.1162/089976602760128018}
}

@article{ebm_train,
  author       = {Yang Song and Diederik P. Kingma},
  title        = {How to Train Your Energy-Based Models},
  journal      = {CoRR},
  volume       = {abs/2101.03288},
  year         = {2021},
  url          = {https://arxiv.org/abs/2101.03288},
  eprinttype    = {arXiv},
  eprint       = {2101.03288},
  timestamp    = {Thu, 21 Jan 2021 14:42:30 +0100},
  biburl       = {https://dblp.org/rec/journals/corr/abs-2101-03288.bib},
  bibsource    = {dblp computer science bibliography, https://dblp.org}
}

@inproceedings{reg_score,
  author = {Kingma, Durk P and Cun, Yann},
  booktitle = {Advances in Neural Information Processing Systems},
  editor = {J. Lafferty and C. Williams and J. Shawe-Taylor and R. Zemel and A. Culotta},
  pages = {},
  publisher = {Curran Associates, Inc.},
  title = {Regularized estimation of image statistics by Score Matching},
  url = {https://proceedings.neurips.cc/paper_files/paper/2010/file/6f3e29a35278d71c7f65495871231324-Paper.pdf},
  volume = {23},
  year = {2010}
}

@ARTICLE{denoise_score,
  author={Vincent, Pascal},
  journal={Neural Computation}, 
  title={A Connection Between Score Matching and Denoising Autoencoders}, 
  year={2011},
  volume={23},
  number={7},
  pages={1661-1674},
  keywords={},
  doi={10.1162/NECO_a_00142}
}

@article{sliced_score,
  author       = {Yang Song and
                  Sahaj Garg and
                  Jiaxin Shi and
                  Stefano Ermon},
  title        = {Sliced Score Matching: {A} Scalable Approach to Density and Score
                  Estimation},
  journal      = {CoRR},
  volume       = {abs/1905.07088},
  year         = {2019},
  url          = {http://arxiv.org/abs/1905.07088},
  eprinttype    = {arXiv},
  eprint       = {1905.07088},
  timestamp    = {Thu, 01 Oct 2020 17:52:46 +0200},
  biburl       = {https://dblp.org/rec/journals/corr/abs-1905-07088.bib},
  bibsource    = {dblp computer science bibliography, https://dblp.org}
}

@article{orig_score, 
  author  = {Aapo Hyv{{\"a}}rinen},
  title   = {Estimation of Non-Normalized Statistical Models by Score Matching},
  journal = {Journal of Machine Learning Research},
  year    = {2005},
  volume  = {6},
  number  = {24},
  pages   = {695--709},
  url     = {http://jmlr.org/papers/v6/hyvarinen05a.html}
}

@article{score,
  author       = {Yang Song and
                  Jascha Sohl{-}Dickstein and
                  Diederik P. Kingma and
                  Abhishek Kumar and
                  Stefano Ermon and
                  Ben Poole},
  title        = {Score-Based Generative Modeling through Stochastic Differential Equations},
  journal      = {CoRR},
  volume       = {abs/2011.13456},
  year         = {2020},
  url          = {https://arxiv.org/abs/2011.13456},
  eprinttype    = {arXiv},
  eprint       = {2011.13456},
  timestamp    = {Wed, 02 Dec 2020 10:10:16 +0100},
  biburl       = {https://dblp.org/rec/journals/corr/abs-2011-13456.bib},
  bibsource    = {dblp computer science bibliography, https://dblp.org}
}

