@misc{hsu2014random,
  title={Random design analysis of ridge regression}, 
  author={Daniel Hsu and Sham M. Kakade and Tong Zhang},
  year={2014},
  eprint={1106.2363},
  archivePrefix={arXiv},
  primaryClass={math.ST}
}

@book{gyorfi2002distribution,
  title={A Distribution-Free Theory of Nonparametric Regression},
  author={Gy{\"o}rfi, L. and Kohler, M. and Krzyzak, A. and Walk, H.},
  isbn={9780387954417},
  lccn={20021151},
  series={Springer Series in Statistics},
  url={https://books.google.com/books?id=Ovmb9oGBlo0C},
  year={2002},
  publisher={Springer New York}
}

