% Bibliography file for Learning Theory
% Add your references here