@article{1710arbuthnot,
  author = {Arbuthnot, J.},
  title = {An argument for divine providence},
  journal = {Philosophical Transactions},
  volume = {27},
  pages = {186--190},
  year = {1710}
}
